<?xml version="1.0" encoding="UTF-8"?><record xmlns="http://www.loc.gov/MARC21/slim" xmlns:cinclude="http://apache.org/cocoon/include/1.0" xmlns:zs="http://www.loc.gov/zing/srw/">
  <leader>00398nz  a2200133n  4500</leader>
  <controlfield tag="001">nr 94039703 </controlfield>
  <controlfield tag="003">DLC</controlfield>
  <controlfield tag="005">19941206055146.1</controlfield>
  <controlfield tag="008">941122n| acannaab|          |a aaa     c</controlfield>
  <datafield tag="010" ind1=" " ind2=" ">
    <subfield code="a">nr 94039703 </subfield>
  </datafield>
  <datafield tag="040" ind1=" " ind2=" ">
    <subfield code="a">CtY</subfield>
    <subfield code="c">CtY</subfield>
  </datafield>
  <datafield tag="100" ind1="1" ind2="0">
    <subfield code="a">Artamonov, Evgeniĭ</subfield>
  </datafield>
  <datafield tag="400" ind1="1" ind2="0">
    <subfield code="a">Artamonov, Evgeniĭ Alekseevich</subfield>
  </datafield>
  <datafield tag="670" ind1=" " ind2=" ">
    <subfield code="a">His Chuzhbina, 1993: </subfield>
    <subfield code="b">t.p. (Evgeniĭ Artamonov) colophon (Artamonov Evgeniĭ Alekseevich)</subfield>
  </datafield>
</record>